<?xml version="1.0" encoding="UTF-8"?>
<collection
  xmlns:xsi="http://www.w3.org/2001/XMLSchema-instance"
  xsi:schemaLocation="http://www.loc.gov/MARC21/slim http://www.loc.gov/standards/marcxml/schema/MARC21slim.xsd"
  xmlns="http://www.loc.gov/MARC21/slim">

<record>
  <leader>01113nam a2200337 aa4500</leader>
  <controlfield tag="001">cpk19980295209</controlfield>
  <controlfield tag="003">CZ PrNK</controlfield>
  <controlfield tag="005">20190214132703.0</controlfield>
  <controlfield tag="007">tu</controlfield>
  <controlfield tag="008">980120m189 1918xr     d      000 m cze  </controlfield>
  <datafield tag="015" ind1=" " ind2=" ">
    <subfield code="a">cnb000295209</subfield>
  </datafield>
  <datafield tag="020" ind1=" " ind2=" ">
    <subfield code="q">(Brož.)</subfield>
  </datafield>
  <datafield tag="040" ind1=" " ind2=" ">
    <subfield code="a">ABA001</subfield>
    <subfield code="b">cze</subfield>
  </datafield>
  <datafield tag="041" ind1="1" ind2=" ">
    <subfield code="a">cze</subfield>
    <subfield code="h">lat</subfield>
  </datafield>
  <datafield tag="043" ind1=" " ind2=" ">
    <subfield code="a">e------</subfield>
    <subfield code="a">ff-----</subfield>
    <subfield code="a">aw-----</subfield>
  </datafield>
  <datafield tag="045" ind1=" " ind2=" ">
    <subfield code="a">e1e6</subfield>
  </datafield>
  <datafield tag="072" ind1=" " ind2="7">
    <subfield code="a">94(3)</subfield>
    <subfield code="x">Dějiny zemí starověkého světa</subfield>
    <subfield code="2">Konspekt</subfield>
    <subfield code="9">8</subfield>
  </datafield>
  <datafield tag="080" ind1=" " ind2=" ">
    <subfield code="a">871-94</subfield>
    <subfield code="2">undef</subfield>
  </datafield>
  <datafield tag="080" ind1=" " ind2=" ">
    <subfield code="a">937</subfield>
    <subfield code="2">undef</subfield>
  </datafield>
  <datafield tag="100" ind1="1" ind2=" ">
    <subfield code="a">Tacitus, Publius Cornelius,</subfield>
    <subfield code="d">asi 55-asi 116</subfield>
    <subfield code="7">jn19990008405</subfield>
    <subfield code="4">aut</subfield>
  </datafield>
  <datafield tag="240" ind1="1" ind2="0">
    <subfield code="a">Annales.</subfield>
    <subfield code="l">Česky</subfield>
    <subfield code="7">aun2008469836</subfield>
  </datafield>
  <datafield tag="245" ind1="1" ind2="0">
    <subfield code="a">Tacitovy Letopisy</subfield>
  </datafield>
  <datafield tag="260" ind1=" " ind2=" ">
    <subfield code="a">V Praze :</subfield>
    <subfield code="b">Edv. Grégr,</subfield>
    <subfield code="c">[189-]-1918</subfield>
  </datafield>
  <datafield tag="300" ind1=" " ind2=" ">
    <subfield code="a">^^^sv. ;</subfield>
    <subfield code="c">19 cm</subfield>
  </datafield>
  <datafield tag="490" ind1="1" ind2=" ">
    <subfield code="a">Bibliotéka klassikův řeckých a římských ;</subfield>
    <subfield code="v">seš. 46, 54, 59, 66, 77, 78, 79</subfield>
  </datafield>
  <datafield tag="505" ind1="0" ind2=" ">
    <subfield code="a">seš. 79: Arch 25-28. 1892. S. 385-448</subfield>
  </datafield>
  <datafield tag="651" ind1=" " ind2="7">
    <subfield code="a">starověký Řím</subfield>
    <subfield code="7">ge131512</subfield>
    <subfield code="x">dějiny</subfield>
    <subfield code="2">czenas</subfield>
  </datafield>
  <datafield tag="655" ind1=" " ind2="7">
    <subfield code="a">kroniky</subfield>
    <subfield code="7">fd132684</subfield>
    <subfield code="2">czenas</subfield>
  </datafield>
  <datafield tag="830" ind1=" " ind2="0">
    <subfield code="a">Bibliotéka klassikův řeckých a římských (Edvard Grégr)</subfield>
  </datafield>
  <datafield tag="910" ind1=" " ind2=" ">
    <subfield code="a">ABA001</subfield>
    <subfield code="s">seš. 79</subfield>
    <subfield code="t">v</subfield>
  </datafield>
  <datafield tag="998" ind1=" " ind2=" ">
    <subfield code="a">000295209</subfield>
  </datafield>
</record>

</collection>